% WHEN IN DOUBT, USE THIS REFERENCE
% https://verbosus.com/bibtex-style-examples.html
%

%%% =========  Articles  ========= %%%
%modularity
@article{ellefsen2015neural,
  title={Neural modularity helps organisms evolve to learn new skills without forgetting old skills},
  author={Ellefsen, Kai Olav and Mouret, Jean-Baptiste and Clune, Jeff},
  journal={PLoS Comput Biol},
  volume={11},
  number={4},
  pages={e1004128},
  year={2015},
  publisher={Public Library of Science}
}

% PHD THESIS ON AUTONOMOUS CARS
@phdthesis{Stavens,
  author        = {David Stavens}, 
  title         = {Learning to Drive: Perception for Autonomous Cars},
  school        = {Stanford University},
  year          = 2011,
  address       = {\url{http://purl.stanford.edu/pb661px9942}},
  month         = 5,
  url           = {http://www.cs.stanford.edu/people/dstavens/thesis/David_Stavens_PhD_Dissertation.pdf}
}

@ARTICLE{Thrun06,
  AUTHOR	= {S. Thrun and others},
  TITLE		= {Winning the DARPA Grand Challenge},
  JOURNAL	= {Journal of Field Robotics},
  YEAR		= {2006}
}

@article{huval2015empirical,
  title={An Empirical Evaluation of Deep Learning on Highway Driving},
  author={Huval, Brody and others},
  journal={arXiv preprint arXiv:1504.01716},
  year={2015},
  issn = {arXiv:1504.01716},
  url = {http://arxiv.org/abs/1504.01716}
}



@misc{who:traffic,
  author       = {{World Health Organization}}, 
  title        = {Global status report on road safety 2013: supporting a decade of action},
  howpublished = {\url{http://www.who.int/violence_injury_prevention/road_safety_status/2013/en/}},
  year         = {2013}
}

@article{fuglestvedt2008climate,
  title={Climate forcing from the transport sectors},
  author={Fuglestvedt, Jan and Berntsen, Terje and Myhre, Gunnar and Rypdal, Kristin and Skeie, Ragnhild Bieltvedt},
  journal={Proceedings of the National Academy of Sciences},
  volume={105},
  number={2},
  pages={454--458},
  year={2008},
  publisher={National Academy of Sciences}
}


% The 2009 Simulated Car Racing Championship
@article{racingChamp2009,
  author  = {Daniele Loiacono and others}, 
  title   = {The 2009 Simulated Car Racing Championship},
  journal = {IEEE Transactions on computational intelligence and {AI} in games},
  year    = 2010,
  number  = 2,
  pages   = {131-147},
  month   = "June",
  volume  = 2
}

@article{cardamone2010learning,
  title={Learning to drive in the open racing car simulator using online neuroevolution},
  author={Cardamone, Luigi and Loiacono, Daniele and Lanzi, Pier Luca},
  journal={Computational Intelligence and AI in Games, IEEE Transactions on},
  volume={2},
  number={3},
  pages={176--190},
  year={2010},
  publisher={IEEE}
}

@article{gibney,
    autor   = {Elizabeth Gibney},
    title   = {Google {AI} algorithm masters ancient game of Go},
    journal = {Nature},
    year    = "2016",
    month   = "January",
    day     = "28",
    volume  = "529",
    pages   = {445–446}
}

% Article defining and explaining a lot of machine learning terminology 
% http://ai.stanford.edu/~ronnyk/glossary.html
@article{glossary,
    title = "Glossary of Terms - Special Issue on Applications of Machine Learning and the Knowledge Discovery Process",
    author = "Ron Kohavi & Foster Provost",
    year = "1998",
    journal = "Machine Learning",
    number = "30",
    pages = "271-274" 
}



@article{gkikas,
  title={Formula 1 Steering Wheels A Story of Ergonomics},
  author={Gkikas, Nikolaos},
  journal={Ergonomics in Design: The Quarterly of Human Factors Applications},
  volume={19},
  number={3},
  pages={30--34},
  year={2011},
  publisher={SAGE Publications}
}

@article{gomez:CoSyNE,
  author  = {Faustino Gomez and Jürgen Schmidhuber and Risto Miikkulainen}, 
  title   = {Accelerated Neural Evolution through Cooperatively Coevolved Synapses},
  journal = {The Journal of Machine Learning Research},
  year    = 2008,
  pages   = {937-965},
  month   = "June",
  volume  = 9
}

%NEAT
@Article{stanley:neat,
    title={Evolving Neural Networks Through Augmenting Topologies},
    author={Kenneth O. Stanley and Risto Miikkulainen},
    volume={10},
    journal={Evolutionary Computation},
    number={2},
    pages={99-127},
    url="http://nn.cs.utexas.edu/?stanley:ec02",
    year={2002}
}

@article{nelson,
  title={Fitness functions in evolutionary robotics: A survey and analysis},
  author={Nelson, Andrew L and Barlow, Gregory J and Doitsidis, Lefteris},
  journal={Robotics and Autonomous Systems},
  volume={57},
  number={4},
  pages={345--370},
  year={2009},
  publisher={Elsevier}
}

% Article series on racing physics, written 1991-, reformmated 2008
% ---------------- TEMPORARY, IT IS AN ARTICLE -----------------
@book{beckman, 
    title           = "The Physics of Racing",
    author          = "Brian Beckman",
    year            = "1991",
    note            = {\url{http://phors.locost7.info/contents.htm}, Accessed 2016-05-09}
}
    %,
    %address         = {\url{http://phors.locost7.info/contents.htm}},
    %note            = {Accessed 2016-05-09}
@book{beckman:weight_transfer,
    title           = "The Physics of Racing",
    author          = "Brian Beckman",
    chapter         = "Part 1: Weight Transfer",
    year            = "1991",
    address    = {\url{http://phors.locost7.info/contents.htm}},
    note            = {Accessed 2016-05-09}
}
@book{beckman:circular_motion,
    title           = "The Physics of Racing",
    author          = "Brian Beckman",
    chapter         = "Part 4: There Is No Such Thing as Centrifugal Force",
    pages           = "12",
    year            = "1991",
    address    = {\url{http://phors.locost7.info/contents.htm}},
    note            = {Accessed 2016-05-09}
}
@book{beckman:racing_line_intro,
    title           = "The Physics of Racing",
    author          = "Brian Beckman",
    chapter         = "Part 5: Introduction to the Racing Line",
    year            = "1991",
    address       = {\url{http://phors.locost7.info/contents.htm}},
    note            = {Accessed 2016-05-09}
}
@book{beckman:traction_budget,
    title           = "The Physics of Racing",
    author          = "Brian Beckman",
    chapter         = "Part 7: Traction budget",
    pages           = "22",
    year            = "1991",
    howpublished   = {\url{http://phors.locost7.info/contents.htm}},
    note            = {Accessed 2016-05-09}
}


%%% =========  Books  ========= %%%

% Textbook on neural networks
% XOR problem explaination on page 197
% Explanations for neural networks and different learning types
@book{haykin,
    author      = "Simon Haykin",
    title       = "Neural Networks: A Comprehensive Foundation",
    publisher   = "Pearson",
    year        = 1999,
    edition     = 2
}

% Textbook on machine learning
@journal{whiteson,
    title       = "Adaptive Representations for Reinforcement Learning",
    author      = "Dr. Shimon Whiteson",
    publisher   = "Springer Berlin Heidelberg",
    year        = "2010",
    volume      = 291
}


@inbook{mitchel:approximation,
    author      = "Tom M. Mitchel",
    title       = "Machine learning",
    publisher   = "McGraw-Hill Science/Engineering/Math",
    year        = 1997,
    edition     = "International edition",
    pages       = 105
}

@book{edmondson,
    author      = "Chuck Edmondson",
    title       = "Fast car physics",
    publisher   = "The Johns Hopkins University Press",
    year        = 2011
}

@book{anderson,
  title={Autonomous vehicle technology: A guide for policymakers},
  author={Anderson, James M and Nidhi, Kalra and Stanley, Karlyn D and Sorensen, Paul and Samaras, Constantine and Oluwatola, Oluwatobi A},
  year={2014},
  publisher={Rand Corporation}
}


% States that neuroevolution is effective at solving non-linear control tasks.
@InProceedings{gomez:efficient_nonlinear_control,
    title={Efficient Non-Linear Control through Neuroevolution},
    author={Faustino Gomez and Juergen Schmidhuber and Risto Miikkulainen},
    booktitle={Proceedings of the European Conference on Machine Learning},
    address={Berlin},
    publisher={Springer},
    pages={654-662},
    url="http://nn.cs.utexas.edu/?gomez:ecml06",
    year={2006}
}


@inproceedings{smart,
  title={Practical reinforcement learning in continuous spaces},
  author={Smart, William D and Kaelbling, Leslie Pack},
  booktitle={ICML},
  pages={903--910},
  year={2000},
  organization={Citeseer}
}

@INPROCEEDINGS{ozveren, 
    author      ={C. S. Özveren and A. T. Sapeluk and A. Birch}, 
    booktitle   ={Power Engineering Conference (UPEC), 2014 49th International Universities}, 
    title       ={An investigation into using neuro-evolution of Augmenting Topologies (NEAT) for short term load forecasting (STFL)}, 
    year        ={2014}, 
    pages       ={1-5}, 
    doi         ={10.1109/UPEC.2014.6934819}, 
    month       ={September},
}

%%% =========  Web resources ========= %%%

% Kenneth Stanley implementation of neat.
@misc{neat_source,
    title = "{NEAT} {C++} implementation",
    howpublished = {\url{http://nn.cs.utexas.edu/?neat-c}},
    note = {Accessed: 2016-05-02}
}
% MarI/O implementation of neat.
@misc{mario_source,
    title = "Super {MarI/O} {Lua} implementation",
    howpublished = {\url{http://pastebin.com/ZZmSNaHX}},
    note = {Accessed: 2016-05-02}
}

@misc{f1_weight,
    title = "F1 Rules \& Regulations: Scrutineering and weighing",
    howpublished = {\url{https://www.formula1.com/content/fom-website/en/championship/inside-f1/rules-regs/Scrutineering_and_weighing.html}},
    note = {Accessed: 2016-05-09}
}

%article announcing the autonomous racing series, Roborace
@misc{roborace,
    title = "{Roborace Announcement}",
    howpublished = {\url{http://fiaformulae.com/en/news/2015/november/formula-e-kinetik-announce-roborace-a-global-driverless-championship.aspx}},
    note = {Accessed: 2016-05-05}
}

@misc{AlphaGo,
    title = {AlphaGo},
    howpublished = {\url{https://deepmind.com/alpha-go.html}},
    note = {Accessed: 2016-05-10}
}

@misc{torcs,
    title = "The official site of {TORCS}, The Open Racing Simulator",
    howpublished = {\url{http://torcs.sourceforge.net/}},
    note = {Accessed: 2016-06-01}
}



%%% =========  Misc. BAD, SHAME ON YOU AND YOUR FAMILY ========= %%%

% Textbook on machine learning in general, only have a draft pdf atm, find published version?
@misc{barber,
    title   = "Bayesian Reasoning and Machine Learning",
    author  = "David Barber", 
    year    = "2014",
    publisher = "?"
}


% Web page
@misc{driving_fast_racing_line,
  title = {The racing line},
  howpublished = {\url{http://www.drivingfast.net/techniques/racing-line.htm}},
  note = {Accessed: 2016-02-12}
}

@misc{driving_fast_corners,
  title = {Driving corners fast},
  howpublished = {\url{http://www.drivingfast.net/techniques/track-corner.htm}},
  note = {Accessed: 2016-02-12}
}


